@Manual{R-base,
  title = {R: A Language and Environment for Statistical Computing},
  author = {{R Core Team}},
  organization = {R Foundation for Statistical Computing},
  address = {Vienna, Austria},
  year = {2019},
  url = {https://www.R-project.org},
}

@Manual{short-couse-SA,
  title = {A Short Course on Survival Analysis},
  author = {{Marta Sestelo}},
  year = {2017},
  url = {https://bookdown.org/sestelo/sa_financial/comparing-survival-curves.html}
}